@misc{inetSoc,
  author="Webseite der Internet Society",
  title="{2011 World IPV6 Day}",
  publisher="Webseite der Internet Society",
  organization="Internet Society",
  howpublished="http://www.internetsociety.org/ipv6/archive-2011-world-ipv6-day",
  year=2011, url="http://www.internetsociety.org/ipv6/archive-2011-world-ipv6-day",
 key="IS11",
 year="Juni 2013"
}

@misc{ipLaunch,
  author="Webseite des World IPv6 Launch",
  title="{World IPV6 Launch}",
  publisher="Webseite der Internet Society",
  organization="Internet Society",
  howpublished="http://www.worldipv6launch.org/", url="http://www.worldipv6launch.org/",
 key="WIPL",
 year="Juni 2013"
}
@misc{goog,
  author="Google",
  title="{IPv6 Statistics}",
  publisher="Google",
  organization="Google", howpublished="http://www.google.com/ipv6/statistics.html", url="http://www.worldipv6launch.org/",
 key="GOOG"
}
@misc{RevIP,
  author="D. Barrera, G. Wurster, P.C. van Oorschot",
  title="{Back to the Future: Revisiting IPv6 Privacy Extensions}",
  publisher="USENIX Magazine",
  organization="USENIX", howpublished="LOGIN: The USENIX Magazine, vol. 36, no. 1, pp. 16 - 26", url="http://www.worldipv6launch.org/",
  year="Juni 2013",
 key="BWO11"
}

@misc{Ipv4Ex,
  author="Number Resource Organization",
  title="{Free Pool of IPv4 Address Space Depleted}",
  publisher="NRO",
  organization="NRO", howpublished="http://www.nro.net/news/ipv4-free-pool-depleted", url="http://www.nro.net/news/ipv4-free-pool-depleted",
  year="Juni 2013",
 key="NRO11"
}

@misc{Ipv6Dep,
  author="Number Resource Organization",
  title="{NRO and OECD Highlight that IPv6 Deployment is Too Slow
}",
  publisher="NRO",
  organization="NRO", howpublished="http://www.nro.net/news/nro-and-oecd-highlight-that-ipv6-deployment-is-too-slow", url="http://www.nro.net/news/nro-and-oecd-highlight-that-ipv6-deployment-is-too-slow",
  year="Juni 2013",
 key="NRO10"
}

@misc{IPv6KD,
  author="heise Netze",
  title="{IPv6-Feldtests bei Kabel Deutschland}",
  publisher="heise",
  organization="heise", howpublished="http://www.heise.de/netze/meldung/IPv6-Feldtests-bei-Kabel-Deutschland-1559624.html", url="http://www.heise.de/netze/meldung/IPv6-Feldtests-bei-Kabel-Deutschland-1559624.html",
  year="Juni 2013",
 key="HE12"
}

@misc{IPv6Tel,
  author="Jens Ihlenfeld (golem.de)",
  title="{Telekom verteilt IPv6-Adressen an Kunden}",
  publisher="golem.de",
  organization="golem.de", howpublished="http://www.golem.de/news/ipv6-telekom-verteilt-ipv6-adressen-an-kunden-1211-96035.html", url="http://www.golem.de/news/ipv6-telekom-verteilt-ipv6-adressen-an-kunden-1211-96035.html",
  year="Juni 2013",
 key="GO12"
}